@Article{jeffGaps,
  title =        "Characterizing surface-gap effects on boundary-layer
                 transition dominated by {Tollmien–Schlichting}
                 instability",
  volume =       "2",
  DOI =          "10.1017/flo.2022.1",
  journal =      "Flow",
  author =       "J. D. Crouch and V. S. Kosorygin and M. I. Sutanto and
                 G. D. Miller",
  year =         "2022",
  pages =        "E8",
}

@InProceedings{jeffConference,
  author =       "J. D. Crouch",
  editor =       "Spencer Sherwin and Peter Schmid and Xuesong Wu",
  title =        "Predicting Laminar-Turbulent Transition Influenced by
                 Surface-Induced Flow Distortions",
  booktitle =    "{IUTAM} Laminar-Turbulent Transition",
  year =         "2022",
  publisher =    "Springer International Publishing",
  address =      "Cham",
  pages =        "19--32",
  ISBN =         "978-30306-7-9-0-2-6",
}

@Misc{ganlinThesis,
  title =        "Transonic boundary layer transition prediction over
                 wing sections with embedded {DG} spectral/hp
                 discretisations",
  URL =          "http://hdl.handle.net/10044/1/109239",
  DOI =          "10.25560/109239",
  author =       "Ganlin Lyu",
  year =         "2023",
  month =        sep,
}

@Online{flightradar24,
  author =       "{FlightRadar24 AB}",
  title =        "{FlightRadar24} Statistics",
  URL =          "https://www.flightradar24.com/data/statistics",
  year =         "",
  note =         "Accessed 22/07/2025",
}

@TechReport{boeing787char,
  author =       "{The Boeing Company}",
  title =        "787 Airplane Characteristics for Airport Planning",
  institution =  "Boeing Commercial Airplanes",
  year =         "2023",
  number =       "D6-58328-7",
  URL =          "https://www.boeing.com/resources/boeingdotcom/commercial/airports/acaps/787.pdf",
  note =         "Accessed: 22/07/2025",
}

@TechReport{boeing737ng,
  author =       "{The Boeing Company}",
  title =        "The Boeing Next-Generation 737 Family -- Productive,
                 Progressive, Flexible, Familiar",
  institution =  "Boeing Commercial Airplanes",
  year =         "2018",
  number =       "BCA737NG",
  URL =          "https://chinaerospace.oss-cn-beijing.aliyuncs.com/18.1%20%E6%9C%BA%E5%9E%8B%E8%B5%84%E6%96%99/Boeing/Bck%20-%20NG%20737%20Family_June%202014.pdf",
  note =         "Accessed: 22/07/2025",
}

@Online{airbusA320tech,
  author =       "{Airbus}",
  title =        "Technology and Innovation - {A320} Family",
  URL =          "https://web.archive.org/web/20160403132507/http://www.airbus.com/aircraftfamilies/passengeraircraft/a320family/technology-and-innovation/",
  note =         "Accessed: 22/07/2025",
}

@Online{flyingA350,
  author =       "{Aviation Week}",
  title =        "Flying the {A350}: Airbus’s Most Technologically
                 Advanced Airliner",
  URL =          "https://web.archive.org/web/20150525145400/http://aviationweek.com/commercial-aviation/flying-a350-airbus-s-most-technologically-advanced-airliner",
  note =         "Accessed: 22/07/2025",
}

@InCollection{krimmelbein2021nlf,
  author =       "Niklas Krimmelbein and Andreas Krumbein",
  title =        "Determination of Critical N-Factors for the {CRM-NLF}
                 Wing",
  booktitle =    "New Results in Numerical and Experimental Fluid
                 Mechanics {XIII}",
  editor =       "A. Dillmann and G. Heller and E. Krämer and C.
                 Wagner",
  year =         "2021",
  publisher =    "Springer, Cham",
  series =       "Notes on Numerical Fluid Mechanics and
                 Multidisciplinary Design",
  volume =       "151",
  pages =        "197--206",
  DOI =          "10.1007/978-3-030-79561-0_19",
  note =         "STAB/DGLR Symposium 2020",
}

@Online{nektar,
  author =       "{Nektar++ Consortium}",
  title =        "Spectral/hp Element Framework",
  URL =          "https://www.nektar.info/",
  note =         "Accessed: 22/07/2025",
}

@Book{boundaryLayerTheory,
  author =       "Hermann Schlichting and Klaus Gersten",
  title =        "Boundary-Layer Theory",
  edition =      "9",
  year =         "2016",
  publisher =    "Springer Berlin, Heidelberg",
  ISBN =         "978-36625-2-9-1-8-4",
  DOI =          "10.1007/978-3-662-52919-1",
}

@Article{blasius1908grenzschichten,
  author =       "H. Blasius",
  title =        "Grenzschichten in Flüssigkeiten mit kleiner Reibung",
  journal =      "Zeitschrift für Angewandte Mathematik und Physik",
  volume =       "56",
  pages =        "1--37",
  year =         "1908",
}

@Manual{nektaruserguide,
  title =        "Nektar++: Spectral/hp Element Framework, Version 5.7.0
                 User Guide",
  author =       "{Nektar++ Consortium}",
  year =         "2024",
  date =         "2024-10-30",
  note =         "Version 5.7.0",
  URL =          "https://www.nektar.info",
}

@Manual{nektardeveloperguide,
  title =        "Nektar++: Spectral/hp Element Framework, Version 5.7.0
                 Developer Guide",
  author =       "{Nektar++ Consortium}",
  year =         "2024",
  date =         "2024-10-30",
  note =         "Version 5.7.0",
  URL =          "https://www.nektar.info",
}

@Article{outflowBoundaryCondition,
  title =        "A robust and accurate outflow boundary condition for
                 incompressible flow simulations on severely-truncated
                 unbounded domains",
  journal =      "Journal of Computational Physics",
  volume =       "261",
  pages =        "83--105",
  year =         "2014",
  DOI =          "11.1016/j.jcp.2013.12.042",
  URL =          "https://www.sciencedirect.com/science/article/pii/S0021999113008505",
  author =       "S. Dong and G. E. Karniadakis and C. Chryssostomidis",
}

@Article{velocitycorrectionscheme,
  title =        "High-order splitting methods for the incompressible
                 Navier-Stokes equations",
  journal =      "Journal of Computational Physics",
  volume =       "97",
  issue =        "2",
  pages =        "414--443",
  year =         "1991",
  DOI =          "10.1016/0021-9991(91)90007-8",
  URL =          "https://www.sciencedirect.com/science/article/pii/0021999191900078",
  author =       "George Em Karniadakis and Moshe Israeli and Steven A
                 Orszag",
}

@Book{spectralhpSpencerBible,
  author =       "George Karniadakis and Spencer Sherwin",
  title =        "Spectral/hp Element Methods for Computational Fluid
                 Dynamics",
  publisher =    "Oxford University Press",
  year =         "2005",
  ISBN =         "978-019-852-8-6-9-2",
  DOI =          "10.1093/acprof:oso/9780198528692.001.0001",
}

@Manual{scipy,
  title =        "scipy.integrate.solve\_bvp",
  author =       "SciPy Community",
  year =         "2024",
  URL =          "https://docs.scipy.org/doc/scipy/reference/generated/scipy.integrate.solve_bvp.html",
  note =         "Accessed: 24/07/2025",
  organization = "SciPy Project",
}

@Book{schmid2001stability,
  author =       "Peter J. Schmid and Dan S. Henningson",
  title =        "Stability and Transition in Shear Flows",
  year =         "2001",
  publisher =    "Springer",
  series =       "Applied Mathematical Sciences",
  volume =       "142",
  DOI =          "10.1007/978-1-4613-0185-1",
}

@Article{bertolotti,
  title =        "Linear and nonlinear stability of the Blasius boundary
                 layer",
  volume =       "242",
  DOI =          "10.1017/S0022112092002453",
  journal =      "Journal of Fluid Mechanics",
  author =       "F. P. Bertolotti and Th. Herbert and P. R. Spalart",
  year =         "1992",
  pages =        "441–474",
}

@Article{natureTurbulence,
  title =        "On the nature of turbulence",
  author =       "D. Ruelle and F. Takens",
  journal =      "Communications in Mathematical Physics",
  volume =       "20",
  pages =        "167--192",
  year =         "1971",
  DOI =          "10.1007/BF01646553",
}

@Article{vanVooren,
  title =        "On the stability of almost parallel boundary layer
                 flows",
  journal =      "Computers \& Fluids",
  volume =       "10",
  number =       "4",
  pages =        "223--241",
  year =         "1982",
  DOI =          "10.1016/0045-7930(82)90007-X",
  author =       "Th.L. {van Stijn} and A. I. {van de Vooren}",
}

@Article{juliacomNSBlasius,
  author =       "Furkan Oz and Kursat Kara",
  title =        "A {CFD} Tutorial in Julia: Introduction to
                 Compressible Laminar Boundary-Layer Flows",
  journal =      "Fluids",
  volume =       "6",
  year =         "2021",
  article-number = "400",
  DOI =          "10.3390/fluids6110400",
}

@Article{3dBoundaryLayers,
  author =       "William S. Saric and Helen L. Reed and Edward B.
                 White",
  title =        "Stability and transition of three-dimensional boundary
                 layers",
  journal =      "Annual Review of Fluid Mechanics",
  year =         "2003",
  volume =       "35",
  pages =        "413--440",
  DOI =          "10.1146/annurev.fluid.35.101101.161045",
  publisher =    "Annual Reviews",
  type =         "Journal Article",
}

@Book{infsupCondition,
  author =       "Gabriel N. Gatica",
  title =        "A Simple Introduction to the Mixed Finite Element
                 Method: Theory and Applications",
  series =       "Springer Briefs in Mathematics",
  publisher =    "Springer",
  year =         "2014",
  ISBN =         "978-33190-3-6-9-4-6",
}

@Book{smithgamberoni,
  author =       "A. M. O. Smith and N. Gamberoni",
  title =        "Transition, Pressure Gradient and Stability Theory",
  year =         "1956",
  institution =  "Douglas Aircraft Company",
  publisher =    "El Segundo Division",
}

@Report{vanIngen1956,
  author =       "J. L. {van Ingen}",
  title =        "A suggested semi-empirical method for the calculation
                 of the boundary layer transition region",
  institution =  "Delft University of Technology",
  year =         "1956",
  type =         "Report",
  URL =          "https://resolver.tudelft.nl/uuid:cff1fb47-883f-4cdc-ad07-07d264f3fd10",
  note =         "Accessed 22/07/2025",
}

@PhdThesis{Rouviere2022Amelioration,
  author =       "Adrien Rouviere",
  title =        "Am\’{e}lioration des mod\‘{e}les de
                 tol\’{e}rance de surface pour les couches limites en
                 s’appuyant sur des outils d’intelligence
                 artificielle",
  school =       "ISAE-SUPAERO, Universit\’{e} de Toulouse",
  year =         "2023",
  address =      "Toulouse, France",
}

@Article{beguetONERA,
  author =       "S. Beguet and J. Perraud and M. Forte and J.-Ph.
                 Brazier",
  title =        "Modeling of Transverse Gaps Effects on Boundary-Layer
                 Transition",
  journal =      "Journal of Aircraft",
  volume =       "54",
  number =       "2",
  pages =        "794--801",
  year =         "2017",
  DOI =          "10.2514/1.C033647",
}

@Article{zahnRist,
  author =       "Johannes Zahn and Ulrich Rist",
  title =        "Impact of Deep Gaps on {Laminar–Turbulent}
                 Transition in Compressible Boundary-Layer Flow",
  journal =      "AIAA Journal",
  volume =       "54",
  number =       "1",
  pages =        "66--76",
  year =         "2016",
  DOI =          "10.2514/1.J054112",
}
